<?xml version="1.0" encoding="UTF-8"?><collection xmlns="http://www.loc.gov/MARC21/slim"><record><leader>00414nam--2200133-i-4500</leader><controlfield tag="001">000043377</controlfield><controlfield tag="002">20161230</controlfield><controlfield tag="005">20161230201044</controlfield><controlfield tag="008">060222s1000------------r-----000-0-eng-d</controlfield><datafield ind1=" " ind2=" " tag="080"><subfield code="a">621.039.83(061.3)</subfield></datafield><datafield ind1=" " ind2=" " tag="245"><subfield code="a">V-vi-th symposium on the use of radioisotopes in gastroenterology. cluj-napoca-romania 1980-1982</subfield></datafield><datafield ind1=" " ind2=" " tag="260"><subfield code="a">Stuttgart, Int.Nomenclature Committee, 1985. X + 510 P</subfield></datafield><datafield ind1=" " ind2=" " tag="700"><subfield code="a">E.Zirmai</subfield></datafield><datafield ind1=" " ind2=" " tag="852"><subfield code="a">74283</subfield></datafield></record></collection>